@TECHREPORT{moog1964,
author = {Robert A. Moog},
title = {{VOLTAGE-CONTROLLED ELECTRONIC MUSIC MODULES}},
year = {1964},
month = {Oktober},
address = {Trumansburg, New York},
url = "\url{https://moogfoundation.org/wp-content/uploads/AES-1964-No0320-Modules.pdf}"
}

@MANUAL{doepfer:A-100,
publisher = {Doepfer Musikelektronik Gmbh},
title = {{SYSTEM A-100 Bedienungsanleitung}},
year = {2001},
url = "\url{https://doepfer.de/a100_man/A100_Anleitung_komplett.pdf}"
}

@MISC{haillant:lfo,
author = {David Haillant},
title = {{Simple LFO V1.1 Documentation}},
year = {2016},
url = "\url{http://www.davidhaillant.com}"
}